@article{foster2019complexity,
  title={The Complexity of Making the Gradient Small in Stochastic Convex Optimization},
  author={Foster, Dylan and Sekhari, Ayush and Shamir, Ohad and Srebro, Nathan and Sridharan, Karthik and Woodworth, Blake},
  journal={arXiv preprint arXiv:1902.04686},
  year={2019}
}

@article{carmon2017lower,
  title={Lower bounds for finding stationary points i},
  author={Carmon, Yair and Duchi, John C and Hinder, Oliver and Sidford, Aaron},
  journal={Mathematical Programming},
  pages={1--50},
  year={2017},
  publisher={Springer}
}



@article{ghadimi2012optimal,
  title={Optimal stochastic approximation algorithms for strongly convex stochastic composite optimization i: A generic algorithmic framework},
  author={Ghadimi, Saeed and Lan, Guanghui},
  journal={SIAM Journal on Optimization},
  volume={22},
  number={4},
  pages={1469--1492},
  year={2012},
  publisher={SIAM}
}


@article{wang2017randomized,
  title={Randomized linear programming solves the discounted markov decision problem in nearly-linear (sometimes sublinear) running time},
  author={Wang, Mengdi},
  journal={arXiv preprint arXiv:1704.01869},
  year={2017}
}

@inproceedings{cheng2020reduction,
  title={A reduction from reinforcement learning to no-regret online learning},
  author={Cheng, Ching-An and Combes, Remi Tachet and Boots, Byron and Gordon, Geoff},
  booktitle={International Conference on Artificial Intelligence and Statistics},
  pages={3514--3524},
  year={2020}
}

@incollection{jin20efficiently,
title={Efficiently Solving MDPs with Stochastic Mirror Descent},
author={Jin, Yujia and Sidford, Aaron},
 booktitle = {Proceedings of Machine Learning and Systems 2020},
 year = {2020}
}

@inproceedings{azar2012sample,
  title={On the sample complexity of reinforcement learning with a generative model},
  author={Azar, Mohammad Gheshlaghi and Munos, R{\'e}mi and Kappen, Hilbert J},
  booktitle={Proceedings of the 29th International Coference on International Conference on Machine Learning},
  pages={1707--1714},
  year={2012}
}

@inproceedings{sidford2018near,
  title={Near-optimal time and sample complexities for solving Markov decision processes with a generative model},
  author={Sidford, Aaron and Wang, Mengdi and Wu, Xian and Yang, Lin and Ye, Yinyu},
  booktitle={Advances in Neural Information Processing Systems},
  pages={5186--5196},
  year={2018}
}

@article{wainwright2019variance,
  title={Variance-reduced $ Q $-learning is minimax optimal},
  author={Wainwright, Martin J},
  journal={arXiv preprint arXiv:1906.04697},
  year={2019}
}

@book{bertsekas1996neuro,
  title={Neuro-dynamic programming},
  author={Bertsekas, Dimitri P and Tsitsiklis, John N},
  year={1996},
  publisher={Athena Scientific}
}

@article{song2020breaking,
  title={Breaking the O (1/$\backslash$epsilon) Optimal Rate for a Class of Minimax Problems},
  author={Song, Chaobing and Jiang, Yong and Ma, Yi},
  journal={arXiv preprint arXiv:2003.11758},
  year={2020}
}

@article{chen2014optimal,
  title={Optimal primal-dual methods for a class of saddle point problems},
  author={Chen, Yunmei and Lan, Guanghui and Ouyang, Yuyuan},
  journal={SIAM Journal on Optimization},
  volume={24},
  number={4},
  pages={1779--1814},
  year={2014},
  publisher={SIAM}
}


@article{shalev2011online,
  title={Online learning and online convex optimization},
  author={Shalev-Shwartz, Shai and others},
  journal={Foundations and trends in Machine Learning},
  volume={4},
  number={2},
  pages={107--194},
  year={2011}
}

@inproceedings{carmon2019variance,
  title={Variance reduction for matrix games},
  author={Carmon, Yair and Jin, Yujia and Sidford, Aaron and Tian, Kevin},
  booktitle={Advances in Neural Information Processing Systems},
  pages={11381--11392},
  year={2019}
}

@inproceedings{jiang2015dependence,
  title={The dependence of effective planning horizon on model accuracy},
  author={Jiang, Nan and Kulesza, Alex and Singh, Satinder and Lewis, Richard},
  booktitle={Proceedings of the 2015 International Conference on Autonomous Agents and Multiagent Systems},
  pages={1181--1189},
  year={2015},
  organization={International Foundation for Autonomous Agents and Multiagent Systems}
}

@inproceedings{petrik2009biasing,
  title={Biasing approximate dynamic programming with a lower discount factor},
  author={Petrik, Marek and Scherrer, Bruno},
  booktitle={Advances in neural information processing systems},
  pages={1265--1272},
  year={2009}
}

@incollection{amit2020discount,
 author = {Amit, Ron and Ciosek, Kamil and Meir, Ron},
 booktitle = {Proceedings of Machine Learning and Systems 2020},
 pages = {2760--2769},
 title = {Discount Factor as a Regularizer in Reinforcement Learning },
 year = {2020}
}


